<record><leader>00000cas a2200000 a 4500</leader><controlfield tag="001">23264768</controlfield><controlfield tag="008">910319d18781899riuwr ne      0    0eng c</controlfield><datafield ind1=" " ind2=" " tag="010"><subfield code="a">sn 91066259 </subfield></datafield><datafield ind1=" " ind2=" " tag="040"><subfield code="a">NYS</subfield><subfield code="b">eng</subfield><subfield code="c">NYS</subfield><subfield code="d">RHN</subfield><subfield code="d">OCLCQ</subfield><subfield code="d">CUI</subfield><subfield code="d">OCLCQ</subfield><subfield code="d">OCLCF</subfield></datafield><datafield ind1="1" ind2=" " tag="029"><subfield code="a">AU@</subfield><subfield code="b">000025905974</subfield></datafield><datafield ind1=" " ind2=" " tag="042"><subfield code="a">pcc</subfield></datafield><datafield ind1=" " ind2=" " tag="043"><subfield code="a">n-us-ri</subfield></datafield><datafield ind1=" " ind2="4" tag="050"><subfield code="a">AN</subfield></datafield><datafield ind1="0" ind2="0" tag="245"><subfield code="a">Westerly Narragansett weekly.</subfield></datafield><datafield ind1="3" ind2="0" tag="246"><subfield code="a">Westerly weekly</subfield></datafield><datafield ind1=" " ind2=" " tag="260"><subfield code="a">Westerly, Washington Co., R.I. :</subfield><subfield code="b">G.B. &amp; J.H. Utter</subfield></datafield><datafield ind1=" " ind2=" " tag="300"><subfield code="a">v.</subfield></datafield><datafield ind1=" " ind2=" " tag="310"><subfield code="a">Weekly</subfield></datafield><datafield ind1="0" ind2=" " tag="362"><subfield code="a">Vol. 20, no. 52 (Mar. 28, 1878)-v. 41, no. 52 (Mar. 16, 1899) = whole no. 1040-whole no. 2132.</subfield></datafield><datafield ind1=" " ind2=" " tag="500"><subfield code="a">Published as: Westerly Weekly, Aug. 10-Dec. 28, 1893.</subfield></datafield><datafield ind1=" " ind2=" " tag="500"><subfield code="a">Fire extra published Feb. 17, 1888.</subfield></datafield><datafield ind1=" " ind2="0" tag="651"><subfield code="a">Westerly (R.I. : Town)</subfield><subfield code="v">Newspapers.</subfield></datafield><datafield ind1=" " ind2="0" tag="651"><subfield code="a">Washington County (R.I.)</subfield><subfield code="v">Newspapers.</subfield></datafield><datafield ind1=" " ind2="7" tag="655"><subfield code="a">Newspapers.</subfield><subfield code="2">fast</subfield><subfield code="0">(OCoLC)fst01423814</subfield></datafield><datafield ind1=" " ind2="7" tag="651"><subfield code="a">Rhode Island</subfield><subfield code="z">Washington County.</subfield><subfield code="2">fast</subfield><subfield code="0">(OCoLC)fst01214421</subfield></datafield><datafield ind1=" " ind2="7" tag="651"><subfield code="a">Rhode Island</subfield><subfield code="z">Westerly (Town)</subfield><subfield code="2">fast</subfield><subfield code="0">(OCoLC)fst01331679</subfield></datafield><datafield ind1=" " ind2=" " tag="752"><subfield code="a">United States</subfield><subfield code="b">Rhode Island</subfield><subfield code="c">Washington</subfield><subfield code="d">Westerly.</subfield></datafield><datafield ind1="0" ind2="0" tag="780"><subfield code="t">Narragansett weekly</subfield><subfield code="w">(DLC)sn 83021535</subfield><subfield code="w">(OCoLC)10238289</subfield></datafield><datafield ind1="0" ind2="4" tag="785"><subfield code="t">Westerly daily sun</subfield><subfield code="w">(DLC)sn 92064012</subfield><subfield code="w">(OCoLC)25534422</subfield></datafield></record>